@article{valverde2019aplicaciones,
  title={Aplicaciones de la inteligencia artificial en la empresa},
  author={Valverde Bourdi{\'e}, Sandra and others},
  year={2019}
}
@article{rouhiainen2018inteligencia,
  title={Inteligencia artificial},
  author={Rouhiainen, Lasse},
  journal={Madrid: Alienta Editorial},
  pages={20--21},
  year={2018}
}
@article{martinez2020tecnologias,
  title={Tecnolog{\'\i}as en la inteligencia artificial para el Marketing: una revisi{\'o}n de la literatura},
  author={Mart{\'\i}nez-Ortega, Andr{\'e}s Giovanni and Medina-Chicaiza, Ricardo Patricio},
  journal={Pro Sciences},
  volume={4},
  number={30},
  pages={36--47},
  year={2020}
}
@article{tenes2023impacto,
  title={Impacto de la Inteligencia Artificial en las Empresas},
  author={Ten{\'e}s Trillo, Eduardo},
  year={2023},
  publisher={ETSI\_Informatica}
}
