@article{mayraz2011wishful,
  title={Wishful thinking},
  author={Mayraz, Guy},
  year={2011},
  publisher={London School of Economics and Political Science. Centre for Economic~…}
}
@article{kruglanski2020all,
  title={All thinking is ‘wishful’thinking},
  author={Kruglanski, Arie W and Jasko, Katarzyna and Friston, Karl},
  journal={Trends in Cognitive Sciences},
  volume={24},
  number={6},
  pages={413--424},
  year={2020},
  publisher={Elsevier}
}
@techreport{caplin2019wishful,
  title={Wishful thinking},
  author={Caplin, Andrew and Leahy, John V},
  year={2019},
  institution={National Bureau of Economic Research}
}
@article{krizan2009wishful,
  title={Wishful thinking about the future: Does desire impact optimism?},
  author={Krizan, Zlatan and Windschitl, Paul D},
  journal={Social and Personality Psychology Compass},
  volume={3},
  number={3},
  pages={227--243},
  year={2009},
  publisher={Wiley Online Library}
}